@online{review_and_instructions,
  author = {Eric Mortensen},
  title = {{Crab Stack Review and Instructions}},
  year = 2015,
  url = \url{http://www.geekyhobbies.com/crab-stack-review-and-instructions/},
}

@online{blue_orange,
  author = {Blue Orange},
  title = {{Crab Stack | Board Game | BoardGameGeek}},
  year = 2016,
  url = \url{https://boardgamegeek.com/boardgame/172033/crab-stack},
}

@online{enunciado_trabalho,
  author = {Daniel Silva, Rui Camacho,Henrique Lopes Cardoso},
  title = {{Enunciado: Aplicação em Prolog para um Jogo de Tabuleiro}},
  year = 2016,
  url = \url{https://moodle.up.pt/pluginfile.php/55036/mod_resource/content/8/PLOG_TP1_2016_2017.pdf},
}

@online{blue_orange_games,
  author = {Crab Stack},
  title = {{Blue Orange Games}},
  year = 2010,
  url = \url{http://www.blueorangegames.com/index.php/games/crab-stack},
}